<?xml version="1.0" encoding="UTF-8"?><collection xmlns="http://www.loc.gov/MARC21/slim"><record><leader>00348nam--2200145-i-4500</leader><controlfield tag="001">000048438</controlfield><controlfield tag="002">20161230</controlfield><controlfield tag="005">20170105234943</controlfield><controlfield tag="008">060222s1000------------r-----000-0-eng-d</controlfield><datafield ind1=" " ind2=" " tag="080"><subfield code="a">548.1</subfield></datafield><datafield ind1=" " ind2=" " tag="100"><subfield code="a">Avdonin, N. A</subfield></datafield><datafield ind1=" " ind2=" " tag="245"><subfield code="a">Matematicheskoe opisanie protessoa kristallizatii</subfield></datafield><datafield ind1=" " ind2=" " tag="260"><subfield code="a">Riga</subfield></datafield><datafield ind1=" " ind2=" " tag="852"><subfield code="a">70380</subfield></datafield><datafield ind1=" " ind2=" " tag="CAT"><subfield code="a">SYS</subfield><subfield code="c">20170105</subfield><subfield code="h">234943</subfield></datafield></record></collection>